%Repalce this with your BibTeX library !

@phdthesis{Batley2015,
	author = {Batley, Joseph Thomas},
	number = {August},
	school = {University of Leeds},
	title = {{Spin Transport in Lateral Spin Valves}},
	year = {2015}
}

@software{stonerplots,
	author       = {Gavin Burnell},
	title        = {{StonerPlots Python Package}},
	month        = apr,
	year         = 2024,
	publisher    = {Zenodo},
	version      = {v1.3.1},
	doi          = {10.5281/zenodo.10905674},
	url          = {https://github.com/stonerlab/stonerplots}
}